%! Author = thgir
%! Date = 02/06/2025

@misc{bombard-question,
    title = {Question écrite n° 104126},
    author = {Jacques Bompard},
    date = {13 juin 2017},
    year = {2017},
    month = {Juin},
    url = {https://questions.assemblee-nationale.fr/q14/14-104126QE.htm},
}
@misc{bombard-question-2,
    title = {Question écrite n° 104102},
    author = {Jacques Bompard},
    date = {6 juin 2017},
    year = {2017},
    month = {Juin},
    url = {https://questions.assemblee-nationale.fr/q14/14-104102QE.htm},
}
@misc{bombard-question-3,
    title = {Question écrite n° 100265},
    author = {Jacques Bompard},
    date = {1er novembre 2016},
    year = {2016},
    month = {Novembre},
    url = {https://questions.assemblee-nationale.fr/q14/14-100265QE.htm},
}
@misc{rambaud-question,
    title = {Question écrite n° 201},
    author = {Stéphane Rambaud},
    date = {26 juillet 2022},
    year = {2022},
    month = {Juillet},
    url = {https://questions.assemblee-nationale.fr/q16/16-201QE.htm},
}

@misc{amendement-glyphosate,
    title = {Sous-amendement n°5047 au Texte d'orientation pour la souveraineté en matière agricole et le renouvellement des générations en agriculture},
    author = {Assemblée Nationale},
    institution = {Assemblée Nationale},
    date = {2024-06-14},
    year = {2024},
    month = {Mai},
}
@misc{vote-glyphosate,
    title = {Scrutin public n°2940 sur l'ensemble du projet de loi relatif aux conditions de mise sur le marché de certains produits phytopharmaceutiques en cas de danger sanitaire pour les betteraves sucrières},
    author = {Assemblée Nationale},
    institution = {Assemblée Nationale},
    date = {2020-10-06},
    year = {2020},
    month = {Octobre},
}
@report{anses-glyphosate,
    title = {Sécurité des produits de protection intime - Rapport révisé d’expertise collective},
    author = {ANSES},
    institution = {ANSES},
    date = {2018-06-04},
    year = {2018},
    month = {Juin},
}

@article{loi-alimentation,
    author = {Le Monde avec AFP},
    title = {Le projet de loi sur l’agriculture et l’alimentation définitivement adopté},
    date = {2018-10-02},
    year = {2018},
    month = {Octobre},
    journal = {Le Monde},
    url = {https://www.lemonde.fr/politique/article/2018/10/02/le-projet-de-loi-sur-l-agriculture-et-l-alimentation-definitivement-adopte_5363573_823448.html},
}

@article{glyphosate-monsanto,
    author = {Stéphane Horel, Stéphane Foucard},
    title = {Glyphosate : révélations sur les failles de l’expertise européenne},
    date = {2017-11-16},
    year = {2017},
    month = {Novembre},
    journal = {Le Monde},
    url = {https://www.lemonde.fr/planete/article/2017/11/26/glyphosate-revelations-sur-les-failles-de-l-expertise-europeenne_5220696_3244.html},
}


@misc{interdiction-glyphosate,
    author = {Loïc Prud'homme},
    title = {Proposition de loi visant à interdire le glyphosate},
    date = {2011-11-30},
    year = {2011},
    month = {Novembre},
    url = {https://www.assemblee-nationale.fr/dyn/15/dossiers/interdire_glyphosate},
}


@misc{nuances-politiques-ce,
    title = {Conseil d'État, arrêté n°488378, Inédit au recueil Lebon},
    author = {Conseil d'État - 2ème chambre},
    date = {2024-04-11},
    year = {2024},
    month = {Avril},
    organization = {Conseil d'État - 2ème chambre},
}

@misc{nuances-politiques,
    title = "Instruction relative à l'attribution des nuances aux candidats des élections sénatoriales de 2023",
    author = "Ministère de l'Intérieur et des Outre-mer",
    date = {2023-10-16},
    organization = {Ministère de l'Intérieur et des Outre-mer},
    year = {2023},
    month = {Novembre},
}

@online{archive-assemblee-nationale,
    author = {Assemblée nationale},
    title = {Archives de l'Assemblée nationale},
    url = {https://data.assemblee-nationale.fr/},
}

@article{loi-duplomb-lemonde,
    author = {Robin Richardot},
    title = {Loi Duplomb sur l’agriculture : comment les partisans du texte ont réussi à court-circuiter les débats à l’Assemblée nationale},
    date = {2025-05-27},
    year = {2025},
    month = {Mai},
    journal = {Le Monde},
    url = {https://www.lemonde.fr/planete/article/2025/05/27/loi-duplomb-sur-l-agriculture-comment-les-partisans-du-texte-ont-reussi-a-court-circuiter-les-debats-a-l-assemblee-nationale_6608756_3244.html},
}

@article{loi-duplomb-mediapart,
    author = {Amélie Poinssot},
    title = {Néonicotinoïdes : le débat empêché à l’Assemblée},
    date = {2025-05-26},
    year = {2025},
    month = {Mai},
    journal = {Mediapart},
    url = {https://www.mediapart.fr/journal/politique/260525/neonicotinoides-le-debat-empeche-l-assemblee},
}

@misc{loi-duplomb,
    author = {Laurent Duplomb},
    title = {Proposition de loi visant à lever les contraintes à l’exercice du métier d’agriculteur},
    date = {2024-11-01},
    year = {2024},
    month = {Novembre},
    url = {https://www.assemblee-nationale.fr/dyn/17/dossiers/DLR5L17N50819#-DEPOT},
}
